<record><leader>00000cas a2200000 a 4500</leader><controlfield tag="001">14137581</controlfield><controlfield tag="008">860825d18991907kyuwr ne      0    0eng d</controlfield><datafield ind1=" " ind2=" " tag="010"><subfield code="a">sn 86069386 </subfield></datafield><datafield ind1=" " ind2=" " tag="040"><subfield code="a">KNP</subfield><subfield code="b">eng</subfield><subfield code="c">KNP</subfield><subfield code="d">OCL</subfield><subfield code="d">OCLCQ</subfield><subfield code="d">KYUBL</subfield><subfield code="d">OCLCQ</subfield><subfield code="d">OCLCF</subfield><subfield code="d">OCLCO</subfield></datafield><datafield ind1="1" ind2=" " tag="029"><subfield code="a">AU@</subfield><subfield code="b">000025824524</subfield></datafield><datafield ind1=" " ind2=" " tag="042"><subfield code="a">msc</subfield></datafield><datafield ind1=" " ind2=" " tag="043"><subfield code="a">n-us-ky</subfield></datafield><datafield ind1="0" ind2=" " tag="130"><subfield code="a">Glenn's graphic (Madisonville, Ky.)</subfield></datafield><datafield ind1="1" ind2="0" tag="245"><subfield code="a">Glenn's graphic.</subfield></datafield><datafield ind1=" " ind2=" " tag="260"><subfield code="a">Madisonville, Ky. :</subfield><subfield code="b">J.J. Glenn,</subfield><subfield code="c">1899-1907.</subfield></datafield><datafield ind1=" " ind2=" " tag="300"><subfield code="a">v. :</subfield><subfield code="b">ill.</subfield></datafield><datafield ind1=" " ind2=" " tag="310"><subfield code="a">Weekly</subfield></datafield><datafield ind1="0" ind2=" " tag="362"><subfield code="a">New ser., v. 1, no. 1 (Sept. 8, 1899)-v. 8, no. 32 (June 20, 1907).</subfield></datafield><datafield ind1=" " ind2=" " tag="515"><subfield code="a">Issues for Sept. 8, 1899- called also Old ser. v. 4, no. 25-</subfield></datafield><datafield ind1=" " ind2="0" tag="651"><subfield code="a">Hopkins County (Ky.)</subfield><subfield code="v">Newspapers.</subfield></datafield><datafield ind1=" " ind2="0" tag="651"><subfield code="a">Madisonville (Ky.)</subfield><subfield code="v">Newspapers.</subfield></datafield><datafield ind1=" " ind2="7" tag="655"><subfield code="a">Newspapers.</subfield><subfield code="2">fast</subfield><subfield code="0">(OCoLC)fst01423814</subfield></datafield><datafield ind1=" " ind2="7" tag="651"><subfield code="a">Kentucky</subfield><subfield code="z">Hopkins County.</subfield><subfield code="2">fast</subfield><subfield code="0">(OCoLC)fst01208580</subfield></datafield><datafield ind1=" " ind2="7" tag="651"><subfield code="a">Kentucky</subfield><subfield code="z">Madisonville.</subfield><subfield code="2">fast</subfield><subfield code="0">(OCoLC)fst01217532</subfield></datafield><datafield ind1=" " ind2=" " tag="752"><subfield code="a">United States</subfield><subfield code="b">Kentucky</subfield><subfield code="c">Hopkins</subfield><subfield code="d">Madisonville.</subfield></datafield><datafield ind1="0" ind2="0" tag="780"><subfield code="t">Twice-a-week mail</subfield></datafield></record>